%YAML 1.1
%TAG !u! tag:unity3d.com,2011:
--- !u!1 &5841578601254811738
GameObject:
  m_ObjectHideFlags: 0
  m_CorrespondingSourceObject: {fileID: 0}
  m_PrefabInstance: {fileID: 0}
  m_PrefabAsset: {fileID: 0}
  serializedVersion: 6
  m_Component:
  - component: {fileID: 7545986426144766549}
  - component: {fileID: 800621062661221124}
  - component: {fileID: 6592777066061160354}
  - component: {fileID: 1347349721979713336}
  - component: {fileID: 359663904935812609}
  - component: {fileID: 9023560344383008276}
  - component: {fileID: 7825287910030766211}
  m_Layer: 0
  m_Name: "\u015Bcianka 2"
  m_TagString: Defender
  m_Icon: {fileID: 0}
  m_NavMeshLayer: 0
  m_StaticEditorFlags: 0
  m_IsActive: 1
--- !u!4 &7545986426144766549
Transform:
  m_ObjectHideFlags: 0
  m_CorrespondingSourceObject: {fileID: 0}
  m_PrefabInstance: {fileID: 0}
  m_PrefabAsset: {fileID: 0}
  m_GameObject: {fileID: 5841578601254811738}
  m_LocalRotation: {x: 0, y: 0, z: 0, w: 1}
  m_LocalPosition: {x: -5.0223813, y: -2.7181525, z: 0}
  m_LocalScale: {x: 0.2, y: 0.2, z: 1}
  m_Children: []
  m_Father: {fileID: 0}
  m_RootOrder: 0
  m_LocalEulerAnglesHint: {x: 0, y: 0, z: 0}
--- !u!212 &800621062661221124
SpriteRenderer:
  m_ObjectHideFlags: 0
  m_CorrespondingSourceObject: {fileID: 0}
  m_PrefabInstance: {fileID: 0}
  m_PrefabAsset: {fileID: 0}
  m_GameObject: {fileID: 5841578601254811738}
  m_Enabled: 1
  m_CastShadows: 0
  m_ReceiveShadows: 0
  m_DynamicOccludee: 1
  m_MotionVectors: 1
  m_LightProbeUsage: 1
  m_ReflectionProbeUsage: 1
  m_RenderingLayerMask: 1
  m_RendererPriority: 0
  m_Materials:
  - {fileID: 10754, guid: 0000000000000000f000000000000000, type: 0}
  m_StaticBatchInfo:
    firstSubMesh: 0
    subMeshCount: 0
  m_StaticBatchRoot: {fileID: 0}
  m_ProbeAnchor: {fileID: 0}
  m_LightProbeVolumeOverride: {fileID: 0}
  m_ScaleInLightmap: 1
  m_ReceiveGI: 1
  m_PreserveUVs: 0
  m_IgnoreNormalsForChartDetection: 0
  m_ImportantGI: 0
  m_StitchLightmapSeams: 1
  m_SelectedEditorRenderState: 0
  m_MinimumChartSize: 4
  m_AutoUVMaxDistance: 0.5
  m_AutoUVMaxAngle: 89
  m_LightmapParameters: {fileID: 0}
  m_SortingLayerID: 1364352861
  m_SortingLayer: 2
  m_SortingOrder: 0
  m_Sprite: {fileID: 21300000, guid: ea719a191b889e7439bc35c3d4b59711, type: 3}
  m_Color: {r: 1, g: 1, b: 1, a: 1}
  m_FlipX: 0
  m_FlipY: 0
  m_DrawMode: 0
  m_Size: {x: 1.07, y: 0.7}
  m_AdaptiveModeThreshold: 0.5
  m_SpriteTileMode: 0
  m_WasSpriteAssigned: 1
  m_MaskInteraction: 0
  m_SpriteSortPoint: 0
--- !u!60 &6592777066061160354
PolygonCollider2D:
  m_ObjectHideFlags: 0
  m_CorrespondingSourceObject: {fileID: 0}
  m_PrefabInstance: {fileID: 0}
  m_PrefabAsset: {fileID: 0}
  m_GameObject: {fileID: 5841578601254811738}
  m_Enabled: 1
  m_Density: 1
  m_Material: {fileID: 0}
  m_IsTrigger: 1
  m_UsedByEffector: 0
  m_UsedByComposite: 0
  m_Offset: {x: 0, y: 0}
  m_SpriteTilingProperty:
    border: {x: 0, y: 0, z: 0, w: 0}
    pivot: {x: 0.5, y: 0.5}
    oldSize: {x: 1.64, y: 1.63}
    newSize: {x: 1.07, y: 0.7}
    adaptiveTilingThreshold: 0.5
    drawMode: 0
    adaptiveTiling: 0
  m_AutoTiling: 0
  m_Points:
    m_Paths:
    - - {x: 0.78999996, y: -0.305}
      - {x: 0.82, y: -0.195}
      - {x: 0.82, y: 0.205}
      - {x: 0.75, y: 0.385}
      - {x: 0.65999997, y: 0.525}
      - {x: 0.48999998, y: 0.695}
      - {x: 0.24, y: 0.815}
      - {x: -0.22, y: 0.815}
      - {x: -0.29999998, y: 0.79499996}
      - {x: -0.5, y: 0.675}
      - {x: -0.63, y: 0.555}
      - {x: -0.74, y: 0.39499998}
      - {x: -0.81, y: 0.24499999}
      - {x: -0.82, y: 0.195}
      - {x: -0.82, y: -0.155}
      - {x: -0.79999995, y: -0.24499999}
      - {x: -0.71999997, y: -0.445}
      - {x: -0.65999997, y: -0.515}
      - {x: -0.56, y: -0.615}
      - {x: -0.42, y: -0.73499995}
      - {x: -0.22999999, y: -0.815}
      - {x: 0.22999999, y: -0.815}
      - {x: 0.39, y: -0.755}
      - {x: 0.53999996, y: -0.655}
      - {x: 0.69, y: -0.49499997}
--- !u!114 &1347349721979713336
MonoBehaviour:
  m_ObjectHideFlags: 0
  m_CorrespondingSourceObject: {fileID: 0}
  m_PrefabInstance: {fileID: 0}
  m_PrefabAsset: {fileID: 0}
  m_GameObject: {fileID: 5841578601254811738}
  m_Enabled: 1
  m_EditorHideFlags: 0
  m_Script: {fileID: 11500000, guid: 5f2c1f12fe9863843abb16f7ca91ef21, type: 3}
  m_Name: 
  m_EditorClassIdentifier: 
  psystem: {fileID: 6418516015387446636, guid: 8ae57779de6bf1346a38b3c5027d0750, type: 3}
  kolor: {r: 0.2957716, g: 0.6792453, b: 0, a: 1}
  dieSound: {fileID: 8300000, guid: 211d524651213b447b11f32a2375b7b2, type: 3}
  die: 1
--- !u!114 &359663904935812609
MonoBehaviour:
  m_ObjectHideFlags: 0
  m_CorrespondingSourceObject: {fileID: 0}
  m_PrefabInstance: {fileID: 0}
  m_PrefabAsset: {fileID: 0}
  m_GameObject: {fileID: 5841578601254811738}
  m_Enabled: 1
  m_EditorHideFlags: 0
  m_Script: {fileID: 11500000, guid: 968f97ba89b02ca418a4d44c2572e9d2, type: 3}
  m_Name: 
  m_EditorClassIdentifier: 
  radiusSize: 0.1
  cost: 50
  HP: 200
  isTurret: 0
  force: {x: 1, y: 1}
  fireRate: 1
--- !u!58 &9023560344383008276
CircleCollider2D:
  m_ObjectHideFlags: 0
  m_CorrespondingSourceObject: {fileID: 0}
  m_PrefabInstance: {fileID: 0}
  m_PrefabAsset: {fileID: 0}
  m_GameObject: {fileID: 5841578601254811738}
  m_Enabled: 1
  m_Density: 1
  m_Material: {fileID: 0}
  m_IsTrigger: 1
  m_UsedByEffector: 1
  m_UsedByComposite: 0
  m_Offset: {x: 0, y: 0}
  serializedVersion: 2
  m_Radius: 1
--- !u!50 &7825287910030766211
Rigidbody2D:
  serializedVersion: 4
  m_ObjectHideFlags: 0
  m_CorrespondingSourceObject: {fileID: 0}
  m_PrefabInstance: {fileID: 0}
  m_PrefabAsset: {fileID: 0}
  m_GameObject: {fileID: 5841578601254811738}
  m_BodyType: 2
  m_Simulated: 1
  m_UseFullKinematicContacts: 0
  m_UseAutoMass: 0
  m_Mass: 1
  m_LinearDrag: 0
  m_AngularDrag: 0.05
  m_GravityScale: 1
  m_Material: {fileID: 0}
  m_Interpolate: 0
  m_SleepingMode: 1
  m_CollisionDetection: 0
  m_Constraints: 0
